<record><leader>00000cas a22000007a 4500</leader><controlfield tag="001">11142054</controlfield><controlfield tag="008">840911d18751884iauwr ne      0    0eng d</controlfield><datafield ind1=" " ind2=" " tag="010"><subfield code="a">sn 84037984 </subfield></datafield><datafield ind1=" " ind2=" " tag="040"><subfield code="a">NPX</subfield><subfield code="b">eng</subfield><subfield code="c">NPX</subfield><subfield code="d">INP</subfield><subfield code="d">OCLCQ</subfield></datafield><datafield ind1=" " ind2=" " tag="042"><subfield code="a">msc</subfield></datafield><datafield ind1="0" ind2="4" tag="245"><subfield code="a">The Corydon times.</subfield></datafield><datafield ind1=" " ind2=" " tag="260"><subfield code="a">Corydon, Iowa :</subfield><subfield code="b">[S.W. Miles]</subfield></datafield><datafield ind1=" " ind2=" " tag="300"><subfield code="a">v.</subfield></datafield><datafield ind1=" " ind2=" " tag="310"><subfield code="a">Weekly</subfield></datafield><datafield ind1="1" ind2=" " tag="362"><subfield code="a">Began in Aug. 1875; ceased in Dec. 1884.</subfield><subfield code="z">Cf. Bibl. of Iowa newspapers.</subfield></datafield><datafield ind1=" " ind2=" " tag="500"><subfield code="a">Editor: S.W. Miles, &lt;1876&gt;.</subfield></datafield><datafield ind1=" " ind2=" " tag="500"><subfield code="a">Publisher's name recorded in Rowell, 1877.</subfield></datafield><datafield ind1=" " ind2=" " tag="588"><subfield code="a">Description based on: Aug. 3, 1876.</subfield></datafield><datafield ind1=" " ind2=" " tag="752"><subfield code="a">United States</subfield><subfield code="b">Iowa</subfield><subfield code="c">Wayne</subfield><subfield code="d">Corydon.</subfield></datafield><datafield ind1="0" ind2="7" tag="785"><subfield code="t">Wayne County Republican</subfield><subfield code="w">(DLC)sn 84027089</subfield></datafield><datafield ind1="0" ind2="7" tag="785"><subfield code="t">Times-Republican (Corydon, Iowa : 1884)</subfield><subfield code="w">(DLC)sn 87057085</subfield></datafield><datafield ind1="1" ind2=" " tag="029"><subfield code="a">AU@</subfield><subfield code="b">000025817449</subfield></datafield></record>